@article{kock2011commutative,
      title={Commutative monads as a theory of distributions}, 
      author={Anders Kock},
      year={2011},
      eprint={1108.5952},
      archivePrefix={arXiv},
      primaryClass={math.CT}
}
@article{DBLP:journals/corr/HeunenKSY17,
  author    = {Chris Heunen and
               Ohad Kammar and
               Sam Staton and
               Hongseok Yang},
  title     = {A Convenient Category for Higher-Order Probability Theory},
  journal   = {CoRR},
  volume    = {abs/1701.02547},
  year      = {2017},
  url       = {http://arxiv.org/abs/1701.02547},
  eprinttype = {arXiv},
  eprint    = {1701.02547},
  timestamp = {Mon, 13 Aug 2018 16:49:00 +0200},
  biburl    = {https://dblp.org/rec/journals/corr/HeunenKSY17.bib},
  bibsource = {dblp computer science bibliography, https://dblp.org}
}
@article{DBLP:journals/corr/abs-1711-03219,
  author    = {Adam {\'{S}}cibior and
               Ohad Kammar and
               Matthijs V{\'{a}}k{\'{a}}r and
               Sam Staton and
               Hongseok Yang and
               Yufei Cai and
               Klaus Ostermann and
               Sean K. Moss and
               Chris Heunen and
               Zoubin Ghahramani},
  title     = {Denotational validation of higher-order Bayesian inference},
  journal   = {CoRR},
  volume    = {abs/1711.03219},
  year      = {2017},
  url       = {http://arxiv.org/abs/1711.03219},
  eprinttype = {arXiv},
  eprint    = {1711.03219},
  timestamp = {Mon, 13 Aug 2018 16:47:12 +0200},
  biburl    = {https://dblp.org/rec/journals/corr/abs-1711-03219.bib},
  bibsource = {dblp computer science bibliography, https://dblp.org}
}
@MISC{Marmolejo_no-iterationpseudomonads,
    author = {F. Marmolejo and R. J. Wood},
    title = {NO-ITERATION PSEUDOMONADS},
    year = {}
}
@article{Fiore_relative-pseudomonads2017,
   title={Relative pseudomonads, Kleisli bicategories, and substitution monoidal structures},
   volume={24},
   ISSN={1420-9020},
   url={http://dx.doi.org/10.1007/s00029-017-0361-3},
   DOI={10.1007/s00029-017-0361-3},
   number={3},
   journal={Selecta Mathematica},
   publisher={Springer Science and Business Media LLC},
   author={Fiore, M. and Gambino, N. and Hyland, M. and Winskel, G.},
   year={2017},
   month={Nov},
   pages={2791â€“2830}
}
